@book{knoll2000radiation,
  title={Radiation detection and measurement},
  author={Knoll, G.F.},
  isbn={9780471073383},
  lccn={99034621},
  url={http://books.google.ch/books?id=HKBVAAAAMAAJ},
  year={2000},
  publisher={Wiley}
}
@book{rinard,
  title={Passive Nondestructive Assay of Nuclear Materials},
  author={ed. D. Reilly and N. Ensslin and H. Smith Jr.},
  year={1991},
  publisher={Nuclear Regulatory Commission}
}